%YAML 1.1
%TAG !u! tag:unity3d.com,2011:
--- !u!29 &1
OcclusionCullingSettings:
  m_ObjectHideFlags: 0
  serializedVersion: 2
  m_OcclusionBakeSettings:
    smallestOccluder: 5
    smallestHole: 0.25
    backfaceThreshold: 100
  m_SceneGUID: 00000000000000000000000000000000
  m_OcclusionCullingData: {fileID: 0}
--- !u!104 &2
RenderSettings:
  m_ObjectHideFlags: 0
  serializedVersion: 9
  m_Fog: 0
  m_FogColor: {r: 0.5, g: 0.5, b: 0.5, a: 1}
  m_FogMode: 3
  m_FogDensity: 0
  m_LinearFogStart: 0
  m_LinearFogEnd: 300
  m_AmbientSkyColor: {r: 0.31132078, g: 0.18432242, b: 0, a: 1}
  m_AmbientEquatorColor: {r: 0.8962264, g: 0.06261979, b: 0, a: 1}
  m_AmbientGroundColor: {r: 0.00030612946, g: 0, b: 1, a: 1}
  m_AmbientIntensity: 0.13
  m_AmbientMode: 0
  m_SubtractiveShadowColor: {r: 0.42, g: 0.478, b: 0.627, a: 1}
  m_SkyboxMaterial: {fileID: 10304, guid: 0000000000000000f000000000000000, type: 0}
  m_HaloStrength: 0.5
  m_FlareStrength: 1
  m_FlareFadeSpeed: 3
  m_HaloTexture: {fileID: 0}
  m_SpotCookie: {fileID: 10001, guid: 0000000000000000e000000000000000, type: 0}
  m_DefaultReflectionMode: 0
  m_DefaultReflectionResolution: 128
  m_ReflectionBounces: 1
  m_ReflectionIntensity: 0.054
  m_CustomReflection: {fileID: 0}
  m_Sun: {fileID: 170076734}
  m_IndirectSpecularColor: {r: 0.08789564, g: 0.09771196, b: 0.1059143, a: 0.054}
  m_UseRadianceAmbientProbe: 0
--- !u!157 &3
LightmapSettings:
  m_ObjectHideFlags: 0
  serializedVersion: 11
  m_GIWorkflowMode: 0
  m_GISettings:
    serializedVersion: 2
    m_BounceScale: 1
    m_IndirectOutputScale: 1
    m_AlbedoBoost: 1
    m_EnvironmentLightingMode: 0
    m_EnableBakedLightmaps: 1
    m_EnableRealtimeLightmaps: 0
  m_LightmapEditorSettings:
    serializedVersion: 10
    m_Resolution: 2
    m_BakeResolution: 10
    m_AtlasSize: 512
    m_AO: 0
    m_AOMaxDistance: 1
    m_CompAOExponent: 1
    m_CompAOExponentDirect: 0
    m_Padding: 2
    m_LightmapParameters: {fileID: 0}
    m_LightmapsBakeMode: 1
    m_TextureCompression: 1
    m_FinalGather: 0
    m_FinalGatherFiltering: 1
    m_FinalGatherRayCount: 256
    m_ReflectionCompression: 2
    m_MixedBakeMode: 2
    m_BakeBackend: 1
    m_PVRSampling: 1
    m_PVRDirectSampleCount: 32
    m_PVRSampleCount: 256
    m_PVRBounces: 2
    m_PVRFilterTypeDirect: 0
    m_PVRFilterTypeIndirect: 0
    m_PVRFilterTypeAO: 0
    m_PVRFilteringMode: 1
    m_PVRCulling: 1
    m_PVRFilteringGaussRadiusDirect: 1
    m_PVRFilteringGaussRadiusIndirect: 5
    m_PVRFilteringGaussRadiusAO: 2
    m_PVRFilteringAtrousPositionSigmaDirect: 0.5
    m_PVRFilteringAtrousPositionSigmaIndirect: 2
    m_PVRFilteringAtrousPositionSigmaAO: 1
    m_ShowResolutionOverlay: 1
  m_LightingDataAsset: {fileID: 0}
  m_UseShadowmask: 1
--- !u!196 &4
NavMeshSettings:
  serializedVersion: 2
  m_ObjectHideFlags: 0
  m_BuildSettings:
    serializedVersion: 2
    agentTypeID: 0
    agentRadius: 0.5
    agentHeight: 2
    agentSlope: 45
    agentClimb: 0.4
    ledgeDropHeight: 0
    maxJumpAcrossDistance: 0
    minRegionArea: 2
    manualCellSize: 0
    cellSize: 0.16666667
    manualTileSize: 0
    tileSize: 256
    accuratePlacement: 0
    debug:
      m_Flags: 0
  m_NavMeshData: {fileID: 0}
--- !u!1 &35083407
GameObject:
  m_ObjectHideFlags: 0
  m_CorrespondingSourceObject: {fileID: 0}
  m_PrefabInstance: {fileID: 0}
  m_PrefabAsset: {fileID: 0}
  serializedVersion: 6
  m_Component:
  - component: {fileID: 35083409}
  - component: {fileID: 35083408}
  m_Layer: 0
  m_Name: Point Light
  m_TagString: Untagged
  m_Icon: {fileID: 0}
  m_NavMeshLayer: 0
  m_StaticEditorFlags: 0
  m_IsActive: 1
--- !u!108 &35083408
Light:
  m_ObjectHideFlags: 0
  m_CorrespondingSourceObject: {fileID: 0}
  m_PrefabInstance: {fileID: 0}
  m_PrefabAsset: {fileID: 0}
  m_GameObject: {fileID: 35083407}
  m_Enabled: 1
  serializedVersion: 8
  m_Type: 0
  m_Color: {r: 1, g: 1, b: 1, a: 1}
  m_Intensity: 16.77
  m_Range: 23.7
  m_SpotAngle: 26.1
  m_CookieSize: 10
  m_Shadows:
    m_Type: 0
    m_Resolution: -1
    m_CustomResolution: -1
    m_Strength: 1
    m_Bias: 0.05
    m_NormalBias: 0.4
    m_NearPlane: 0.2
  m_Cookie: {fileID: 0}
  m_DrawHalo: 0
  m_Flare: {fileID: 0}
  m_RenderMode: 0
  m_CullingMask:
    serializedVersion: 2
    m_Bits: 4294967295
  m_Lightmapping: 4
  m_LightShadowCasterMode: 0
  m_AreaSize: {x: 1, y: 1}
  m_BounceIntensity: 1
  m_ColorTemperature: 6570
  m_UseColorTemperature: 0
  m_ShadowRadius: 0
  m_ShadowAngle: 0
--- !u!4 &35083409
Transform:
  m_ObjectHideFlags: 0
  m_CorrespondingSourceObject: {fileID: 0}
  m_PrefabInstance: {fileID: 0}
  m_PrefabAsset: {fileID: 0}
  m_GameObject: {fileID: 35083407}
  m_LocalRotation: {x: 0.7071068, y: 0, z: 0, w: 0.7071068}
  m_LocalPosition: {x: 26.63, y: 29.73, z: 0}
  m_LocalScale: {x: 1, y: 1, z: 1}
  m_Children: []
  m_Father: {fileID: 0}
  m_RootOrder: 9
  m_LocalEulerAnglesHint: {x: 90, y: 0, z: 0}
--- !u!1 &170076733
GameObject:
  m_ObjectHideFlags: 0
  m_CorrespondingSourceObject: {fileID: 0}
  m_PrefabInstance: {fileID: 0}
  m_PrefabAsset: {fileID: 0}
  serializedVersion: 6
  m_Component:
  - component: {fileID: 170076735}
  - component: {fileID: 170076734}
  m_Layer: 0
  m_Name: Directional Light
  m_TagString: Untagged
  m_Icon: {fileID: 0}
  m_NavMeshLayer: 0
  m_StaticEditorFlags: 0
  m_IsActive: 0
--- !u!108 &170076734
Light:
  m_ObjectHideFlags: 0
  m_CorrespondingSourceObject: {fileID: 0}
  m_PrefabInstance: {fileID: 0}
  m_PrefabAsset: {fileID: 0}
  m_GameObject: {fileID: 170076733}
  m_Enabled: 0
  serializedVersion: 8
  m_Type: 1
  m_Color: {r: 1, g: 0.95686275, b: 0.8392157, a: 1}
  m_Intensity: 1
  m_Range: 10
  m_SpotAngle: 30
  m_CookieSize: 10
  m_Shadows:
    m_Type: 2
    m_Resolution: -1
    m_CustomResolution: -1
    m_Strength: 1
    m_Bias: 0.05
    m_NormalBias: 0.4
    m_NearPlane: 0.2
  m_Cookie: {fileID: 0}
  m_DrawHalo: 0
  m_Flare: {fileID: 0}
  m_RenderMode: 0
  m_CullingMask:
    serializedVersion: 2
    m_Bits: 4294967295
  m_Lightmapping: 1
  m_LightShadowCasterMode: 0
  m_AreaSize: {x: 1, y: 1}
  m_BounceIntensity: 1
  m_ColorTemperature: 6570
  m_UseColorTemperature: 0
  m_ShadowRadius: 0
  m_ShadowAngle: 0
--- !u!4 &170076735
Transform:
  m_ObjectHideFlags: 0
  m_CorrespondingSourceObject: {fileID: 0}
  m_PrefabInstance: {fileID: 0}
  m_PrefabAsset: {fileID: 0}
  m_GameObject: {fileID: 170076733}
  m_LocalRotation: {x: 0.06036619, y: -0.2583131, z: 0.016175054, w: 0.9640377}
  m_LocalPosition: {x: 11.57, y: 28.02, z: -20.03}
  m_LocalScale: {x: 1, y: 1, z: 1}
  m_Children: []
  m_Father: {fileID: 0}
  m_RootOrder: 2
  m_LocalEulerAnglesHint: {x: 7.1660004, y: -30.000002, z: 0}
--- !u!1001 &331343230
PrefabInstance:
  m_ObjectHideFlags: 0
  serializedVersion: 2
  m_Modification:
    m_TransformParent: {fileID: 1034332621}
    m_Modifications:
    - target: {fileID: 2945654027230244080, guid: d67d822f6a88b3648bb765f010928703,
        type: 3}
      propertyPath: m_Name
      value: Obstacle (4)
      objectReference: {fileID: 0}
    - target: {fileID: 2945654027230244092, guid: d67d822f6a88b3648bb765f010928703,
        type: 3}
      propertyPath: m_LocalPosition.x
      value: 29.17
      objectReference: {fileID: 0}
    - target: {fileID: 2945654027230244092, guid: d67d822f6a88b3648bb765f010928703,
        type: 3}
      propertyPath: m_LocalPosition.y
      value: 6.46
      objectReference: {fileID: 0}
    - target: {fileID: 2945654027230244092, guid: d67d822f6a88b3648bb765f010928703,
        type: 3}
      propertyPath: m_LocalPosition.z
      value: -0.44571924
      objectReference: {fileID: 0}
    - target: {fileID: 2945654027230244092, guid: d67d822f6a88b3648bb765f010928703,
        type: 3}
      propertyPath: m_LocalRotation.x
      value: -0
      objectReference: {fileID: 0}
    - target: {fileID: 2945654027230244092, guid: d67d822f6a88b3648bb765f010928703,
        type: 3}
      propertyPath: m_LocalRotation.y
      value: -0
      objectReference: {fileID: 0}
    - target: {fileID: 2945654027230244092, guid: d67d822f6a88b3648bb765f010928703,
        type: 3}
      propertyPath: m_LocalRotation.z
      value: 0.28898185
      objectReference: {fileID: 0}
    - target: {fileID: 2945654027230244092, guid: d67d822f6a88b3648bb765f010928703,
        type: 3}
      propertyPath: m_LocalRotation.w
      value: 0.9573346
      objectReference: {fileID: 0}
    - target: {fileID: 2945654027230244092, guid: d67d822f6a88b3648bb765f010928703,
        type: 3}
      propertyPath: m_RootOrder
      value: 1
      objectReference: {fileID: 0}
    - target: {fileID: 2945654027230244092, guid: d67d822f6a88b3648bb765f010928703,
        type: 3}
      propertyPath: m_LocalEulerAnglesHint.x
      value: 0
      objectReference: {fileID: 0}
    - target: {fileID: 2945654027230244092, guid: d67d822f6a88b3648bb765f010928703,
        type: 3}
      propertyPath: m_LocalEulerAnglesHint.y
      value: 0
      objectReference: {fileID: 0}
    - target: {fileID: 2945654027230244092, guid: d67d822f6a88b3648bb765f010928703,
        type: 3}
      propertyPath: m_LocalEulerAnglesHint.z
      value: 33.594
      objectReference: {fileID: 0}
    - target: {fileID: 2945654027230244092, guid: d67d822f6a88b3648bb765f010928703,
        type: 3}
      propertyPath: m_LocalScale.x
      value: 20.521473
      objectReference: {fileID: 0}
    - target: {fileID: 2945654027230244092, guid: d67d822f6a88b3648bb765f010928703,
        type: 3}
      propertyPath: m_LocalScale.y
      value: 4.958873
      objectReference: {fileID: 0}
    - target: {fileID: 2945654027230244092, guid: d67d822f6a88b3648bb765f010928703,
        type: 3}
      propertyPath: m_LocalScale.z
      value: 6.0363
      objectReference: {fileID: 0}
    m_RemovedComponents: []
  m_SourcePrefab: {fileID: 100100000, guid: d67d822f6a88b3648bb765f010928703, type: 3}
--- !u!4 &331343231 stripped
Transform:
  m_CorrespondingSourceObject: {fileID: 2945654027230244092, guid: d67d822f6a88b3648bb765f010928703,
    type: 3}
  m_PrefabInstance: {fileID: 331343230}
  m_PrefabAsset: {fileID: 0}
--- !u!4 &368529309 stripped
Transform:
  m_CorrespondingSourceObject: {fileID: 3441144890318266130, guid: 35d90f2a97afb644e8da38bc38e90e9d,
    type: 3}
  m_PrefabInstance: {fileID: 767477911110897006}
  m_PrefabAsset: {fileID: 0}
--- !u!1001 &442080083
PrefabInstance:
  m_ObjectHideFlags: 0
  serializedVersion: 2
  m_Modification:
    m_TransformParent: {fileID: 1034332621}
    m_Modifications:
    - target: {fileID: 2945654027230244080, guid: d67d822f6a88b3648bb765f010928703,
        type: 3}
      propertyPath: m_Name
      value: Obstacle
      objectReference: {fileID: 0}
    - target: {fileID: 2945654027230244092, guid: d67d822f6a88b3648bb765f010928703,
        type: 3}
      propertyPath: m_LocalPosition.x
      value: -28.73
      objectReference: {fileID: 0}
    - target: {fileID: 2945654027230244092, guid: d67d822f6a88b3648bb765f010928703,
        type: 3}
      propertyPath: m_LocalPosition.y
      value: 4.277586
      objectReference: {fileID: 0}
    - target: {fileID: 2945654027230244092, guid: d67d822f6a88b3648bb765f010928703,
        type: 3}
      propertyPath: m_LocalPosition.z
      value: -1.84
      objectReference: {fileID: 0}
    - target: {fileID: 2945654027230244092, guid: d67d822f6a88b3648bb765f010928703,
        type: 3}
      propertyPath: m_LocalRotation.x
      value: -0
      objectReference: {fileID: 0}
    - target: {fileID: 2945654027230244092, guid: d67d822f6a88b3648bb765f010928703,
        type: 3}
      propertyPath: m_LocalRotation.y
      value: -0
      objectReference: {fileID: 0}
    - target: {fileID: 2945654027230244092, guid: d67d822f6a88b3648bb765f010928703,
        type: 3}
      propertyPath: m_LocalRotation.z
      value: -0
      objectReference: {fileID: 0}
    - target: {fileID: 2945654027230244092, guid: d67d822f6a88b3648bb765f010928703,
        type: 3}
      propertyPath: m_LocalRotation.w
      value: 1
      objectReference: {fileID: 0}
    - target: {fileID: 2945654027230244092, guid: d67d822f6a88b3648bb765f010928703,
        type: 3}
      propertyPath: m_RootOrder
      value: 9
      objectReference: {fileID: 0}
    - target: {fileID: 2945654027230244092, guid: d67d822f6a88b3648bb765f010928703,
        type: 3}
      propertyPath: m_LocalEulerAnglesHint.x
      value: 0
      objectReference: {fileID: 0}
    - target: {fileID: 2945654027230244092, guid: d67d822f6a88b3648bb765f010928703,
        type: 3}
      propertyPath: m_LocalEulerAnglesHint.y
      value: 0
      objectReference: {fileID: 0}
    - target: {fileID: 2945654027230244092, guid: d67d822f6a88b3648bb765f010928703,
        type: 3}
      propertyPath: m_LocalEulerAnglesHint.z
      value: 0
      objectReference: {fileID: 0}
    - target: {fileID: 2945654027230244092, guid: d67d822f6a88b3648bb765f010928703,
        type: 3}
      propertyPath: m_LocalScale.z
      value: 39.58215
      objectReference: {fileID: 0}
    - target: {fileID: 2945654027230244092, guid: d67d822f6a88b3648bb765f010928703,
        type: 3}
      propertyPath: m_LocalScale.x
      value: 3.5466
      objectReference: {fileID: 0}
    - target: {fileID: 2945654027230244092, guid: d67d822f6a88b3648bb765f010928703,
        type: 3}
      propertyPath: m_LocalScale.y
      value: 23.915
      objectReference: {fileID: 0}
    m_RemovedComponents: []
  m_SourcePrefab: {fileID: 100100000, guid: d67d822f6a88b3648bb765f010928703, type: 3}
--- !u!1 &534669902
GameObject:
  m_ObjectHideFlags: 0
  m_CorrespondingSourceObject: {fileID: 0}
  m_PrefabInstance: {fileID: 0}
  m_PrefabAsset: {fileID: 0}
  serializedVersion: 6
  m_Component:
  - component: {fileID: 534669905}
  - component: {fileID: 534669904}
  - component: {fileID: 534669903}
  m_Layer: 0
  m_Name: Main Camera
  m_TagString: MainCamera
  m_Icon: {fileID: 0}
  m_NavMeshLayer: 0
  m_StaticEditorFlags: 0
  m_IsActive: 1
--- !u!81 &534669903
AudioListener:
  m_ObjectHideFlags: 0
  m_CorrespondingSourceObject: {fileID: 0}
  m_PrefabInstance: {fileID: 0}
  m_PrefabAsset: {fileID: 0}
  m_GameObject: {fileID: 534669902}
  m_Enabled: 1
--- !u!20 &534669904
Camera:
  m_ObjectHideFlags: 0
  m_CorrespondingSourceObject: {fileID: 0}
  m_PrefabInstance: {fileID: 0}
  m_PrefabAsset: {fileID: 0}
  m_GameObject: {fileID: 534669902}
  m_Enabled: 1
  serializedVersion: 2
  m_ClearFlags: 1
  m_BackGroundColor: {r: 0.19215687, g: 0.3019608, b: 0.4745098, a: 0}
  m_projectionMatrixMode: 1
  m_SensorSize: {x: 36, y: 24}
  m_LensShift: {x: 0, y: 0}
  m_GateFitMode: 2
  m_FocalLength: 50
  m_NormalizedViewPortRect:
    serializedVersion: 2
    x: 0
    y: 0
    width: 1
    height: 1
  near clip plane: 0.3
  far clip plane: 1000
  field of view: 60
  orthographic: 0
  orthographic size: 5
  m_Depth: -1
  m_CullingMask:
    serializedVersion: 2
    m_Bits: 4294967295
  m_RenderingPath: -1
  m_TargetTexture: {fileID: 0}
  m_TargetDisplay: 0
  m_TargetEye: 3
  m_HDR: 1
  m_AllowMSAA: 1
  m_AllowDynamicResolution: 0
  m_ForceIntoRT: 0
  m_OcclusionCulling: 1
  m_StereoConvergence: 10
  m_StereoSeparation: 0.022
--- !u!4 &534669905
Transform:
  m_ObjectHideFlags: 0
  m_CorrespondingSourceObject: {fileID: 0}
  m_PrefabInstance: {fileID: 0}
  m_PrefabAsset: {fileID: 0}
  m_GameObject: {fileID: 534669902}
  m_LocalRotation: {x: 0.0145254005, y: -0, z: -0, w: 0.9998945}
  m_LocalPosition: {x: -2.19, y: 19.1, z: -48.6}
  m_LocalScale: {x: 1, y: 1, z: 1}
  m_Children: []
  m_Father: {fileID: 0}
  m_RootOrder: 0
  m_LocalEulerAnglesHint: {x: 1.6650001, y: 0, z: 0}
--- !u!4 &644493254 stripped
Transform:
  m_CorrespondingSourceObject: {fileID: 2945654027230244092, guid: d67d822f6a88b3648bb765f010928703,
    type: 3}
  m_PrefabInstance: {fileID: 1771985937}
  m_PrefabAsset: {fileID: 0}
--- !u!1001 &686807228
PrefabInstance:
  m_ObjectHideFlags: 0
  serializedVersion: 2
  m_Modification:
    m_TransformParent: {fileID: 1034332621}
    m_Modifications:
    - target: {fileID: 2945654027230244080, guid: d67d822f6a88b3648bb765f010928703,
        type: 3}
      propertyPath: m_Name
      value: Obstacle (5)
      objectReference: {fileID: 0}
    - target: {fileID: 2945654027230244092, guid: d67d822f6a88b3648bb765f010928703,
        type: 3}
      propertyPath: m_LocalPosition.x
      value: 36.23
      objectReference: {fileID: 0}
    - target: {fileID: 2945654027230244092, guid: d67d822f6a88b3648bb765f010928703,
        type: 3}
      propertyPath: m_LocalPosition.y
      value: 11.09
      objectReference: {fileID: 0}
    - target: {fileID: 2945654027230244092, guid: d67d822f6a88b3648bb765f010928703,
        type: 3}
      propertyPath: m_LocalPosition.z
      value: -0.44571924
      objectReference: {fileID: 0}
    - target: {fileID: 2945654027230244092, guid: d67d822f6a88b3648bb765f010928703,
        type: 3}
      propertyPath: m_LocalRotation.x
      value: -0
      objectReference: {fileID: 0}
    - target: {fileID: 2945654027230244092, guid: d67d822f6a88b3648bb765f010928703,
        type: 3}
      propertyPath: m_LocalRotation.y
      value: -0
      objectReference: {fileID: 0}
    - target: {fileID: 2945654027230244092, guid: d67d822f6a88b3648bb765f010928703,
        type: 3}
      propertyPath: m_LocalRotation.z
      value: -0
      objectReference: {fileID: 0}
    - target: {fileID: 2945654027230244092, guid: d67d822f6a88b3648bb765f010928703,
        type: 3}
      propertyPath: m_LocalRotation.w
      value: 1
      objectReference: {fileID: 0}
    - target: {fileID: 2945654027230244092, guid: d67d822f6a88b3648bb765f010928703,
        type: 3}
      propertyPath: m_RootOrder
      value: 0
      objectReference: {fileID: 0}
    - target: {fileID: 2945654027230244092, guid: d67d822f6a88b3648bb765f010928703,
        type: 3}
      propertyPath: m_LocalEulerAnglesHint.x
      value: 0
      objectReference: {fileID: 0}
    - target: {fileID: 2945654027230244092, guid: d67d822f6a88b3648bb765f010928703,
        type: 3}
      propertyPath: m_LocalEulerAnglesHint.y
      value: 0
      objectReference: {fileID: 0}
    - target: {fileID: 2945654027230244092, guid: d67d822f6a88b3648bb765f010928703,
        type: 3}
      propertyPath: m_LocalEulerAnglesHint.z
      value: 0
      objectReference: {fileID: 0}
    - target: {fileID: 2945654027230244092, guid: d67d822f6a88b3648bb765f010928703,
        type: 3}
      propertyPath: m_LocalScale.x
      value: 2.171229
      objectReference: {fileID: 0}
    - target: {fileID: 2945654027230244092, guid: d67d822f6a88b3648bb765f010928703,
        type: 3}
      propertyPath: m_LocalScale.y
      value: 49.51617
      objectReference: {fileID: 0}
    - target: {fileID: 2945654027230244092, guid: d67d822f6a88b3648bb765f010928703,
        type: 3}
      propertyPath: m_LocalScale.z
      value: 44.47095
      objectReference: {fileID: 0}
    m_RemovedComponents: []
  m_SourcePrefab: {fileID: 100100000, guid: d67d822f6a88b3648bb765f010928703, type: 3}
--- !u!4 &686807229 stripped
Transform:
  m_CorrespondingSourceObject: {fileID: 2945654027230244092, guid: d67d822f6a88b3648bb765f010928703,
    type: 3}
  m_PrefabInstance: {fileID: 686807228}
  m_PrefabAsset: {fileID: 0}
--- !u!4 &687257472 stripped
Transform:
  m_CorrespondingSourceObject: {fileID: 2945654027230244092, guid: d67d822f6a88b3648bb765f010928703,
    type: 3}
  m_PrefabInstance: {fileID: 1274817710}
  m_PrefabAsset: {fileID: 0}
--- !u!1001 &1018905911
PrefabInstance:
  m_ObjectHideFlags: 0
  serializedVersion: 2
  m_Modification:
    m_TransformParent: {fileID: 1034332621}
    m_Modifications:
    - target: {fileID: 2945654027230244080, guid: d67d822f6a88b3648bb765f010928703,
        type: 3}
      propertyPath: m_Name
      value: Obstacle
      objectReference: {fileID: 0}
    - target: {fileID: 2945654027230244092, guid: d67d822f6a88b3648bb765f010928703,
        type: 3}
      propertyPath: m_LocalPosition.x
      value: -22.66
      objectReference: {fileID: 0}
    - target: {fileID: 2945654027230244092, guid: d67d822f6a88b3648bb765f010928703,
        type: 3}
      propertyPath: m_LocalPosition.y
      value: 24.05
      objectReference: {fileID: 0}
    - target: {fileID: 2945654027230244092, guid: d67d822f6a88b3648bb765f010928703,
        type: 3}
      propertyPath: m_LocalPosition.z
      value: -0.44571924
      objectReference: {fileID: 0}
    - target: {fileID: 2945654027230244092, guid: d67d822f6a88b3648bb765f010928703,
        type: 3}
      propertyPath: m_LocalRotation.x
      value: -0
      objectReference: {fileID: 0}
    - target: {fileID: 2945654027230244092, guid: d67d822f6a88b3648bb765f010928703,
        type: 3}
      propertyPath: m_LocalRotation.y
      value: -0
      objectReference: {fileID: 0}
    - target: {fileID: 2945654027230244092, guid: d67d822f6a88b3648bb765f010928703,
        type: 3}
      propertyPath: m_LocalRotation.z
      value: -0.06901076
      objectReference: {fileID: 0}
    - target: {fileID: 2945654027230244092, guid: d67d822f6a88b3648bb765f010928703,
        type: 3}
      propertyPath: m_LocalRotation.w
      value: 0.99761593
      objectReference: {fileID: 0}
    - target: {fileID: 2945654027230244092, guid: d67d822f6a88b3648bb765f010928703,
        type: 3}
      propertyPath: m_RootOrder
      value: 5
      objectReference: {fileID: 0}
    - target: {fileID: 2945654027230244092, guid: d67d822f6a88b3648bb765f010928703,
        type: 3}
      propertyPath: m_LocalEulerAnglesHint.x
      value: 0
      objectReference: {fileID: 0}
    - target: {fileID: 2945654027230244092, guid: d67d822f6a88b3648bb765f010928703,
        type: 3}
      propertyPath: m_LocalEulerAnglesHint.y
      value: 0
      objectReference: {fileID: 0}
    - target: {fileID: 2945654027230244092, guid: d67d822f6a88b3648bb765f010928703,
        type: 3}
      propertyPath: m_LocalEulerAnglesHint.z
      value: -7.9140005
      objectReference: {fileID: 0}
    - target: {fileID: 2945654027230244092, guid: d67d822f6a88b3648bb765f010928703,
        type: 3}
      propertyPath: m_LocalScale.x
      value: 4.5999894
      objectReference: {fileID: 0}
    - target: {fileID: 2945654027230244092, guid: d67d822f6a88b3648bb765f010928703,
        type: 3}
      propertyPath: m_LocalScale.y
      value: 24.732819
      objectReference: {fileID: 0}
    - target: {fileID: 2945654027230244092, guid: d67d822f6a88b3648bb765f010928703,
        type: 3}
      propertyPath: m_LocalScale.z
      value: 6.0363
      objectReference: {fileID: 0}
    m_RemovedComponents: []
  m_SourcePrefab: {fileID: 100100000, guid: d67d822f6a88b3648bb765f010928703, type: 3}
--- !u!4 &1018905912 stripped
Transform:
  m_CorrespondingSourceObject: {fileID: 2945654027230244092, guid: d67d822f6a88b3648bb765f010928703,
    type: 3}
  m_PrefabInstance: {fileID: 1018905911}
  m_PrefabAsset: {fileID: 0}
--- !u!1 &1034332620
GameObject:
  m_ObjectHideFlags: 0
  m_CorrespondingSourceObject: {fileID: 0}
  m_PrefabInstance: {fileID: 0}
  m_PrefabAsset: {fileID: 0}
  serializedVersion: 6
  m_Component:
  - component: {fileID: 1034332621}
  m_Layer: 0
  m_Name: Obstacles
  m_TagString: Untagged
  m_Icon: {fileID: 0}
  m_NavMeshLayer: 0
  m_StaticEditorFlags: 0
  m_IsActive: 1
--- !u!4 &1034332621
Transform:
  m_ObjectHideFlags: 0
  m_CorrespondingSourceObject: {fileID: 0}
  m_PrefabInstance: {fileID: 0}
  m_PrefabAsset: {fileID: 0}
  m_GameObject: {fileID: 1034332620}
  m_LocalRotation: {x: 0, y: 0, z: 0, w: 1}
  m_LocalPosition: {x: 0, y: 0, z: 0}
  m_LocalScale: {x: 1, y: 1, z: 1}
  m_Children:
  - {fileID: 686807229}
  - {fileID: 331343231}
  - {fileID: 1448779340}
  - {fileID: 1285054008}
  - {fileID: 2059013726}
  - {fileID: 1018905912}
  - {fileID: 1423420241}
  - {fileID: 644493254}
  - {fileID: 687257472}
  - {fileID: 1618585011}
  m_Father: {fileID: 0}
  m_RootOrder: 7
  m_LocalEulerAnglesHint: {x: 0, y: 0, z: 0}
--- !u!1001 &1084258565
PrefabInstance:
  m_ObjectHideFlags: 0
  serializedVersion: 2
  m_Modification:
    m_TransformParent: {fileID: 1034332621}
    m_Modifications:
    - target: {fileID: 2945654027230244080, guid: d67d822f6a88b3648bb765f010928703,
        type: 3}
      propertyPath: m_Name
      value: Obstacle (1)
      objectReference: {fileID: 0}
    - target: {fileID: 2945654027230244092, guid: d67d822f6a88b3648bb765f010928703,
        type: 3}
      propertyPath: m_LocalPosition.x
      value: -31.03
      objectReference: {fileID: 0}
    - target: {fileID: 2945654027230244092, guid: d67d822f6a88b3648bb765f010928703,
        type: 3}
      propertyPath: m_LocalPosition.y
      value: 25.22
      objectReference: {fileID: 0}
    - target: {fileID: 2945654027230244092, guid: d67d822f6a88b3648bb765f010928703,
        type: 3}
      propertyPath: m_LocalPosition.z
      value: -1.84
      objectReference: {fileID: 0}
    - target: {fileID: 2945654027230244092, guid: d67d822f6a88b3648bb765f010928703,
        type: 3}
      propertyPath: m_LocalRotation.x
      value: -0
      objectReference: {fileID: 0}
    - target: {fileID: 2945654027230244092, guid: d67d822f6a88b3648bb765f010928703,
        type: 3}
      propertyPath: m_LocalRotation.y
      value: -0
      objectReference: {fileID: 0}
    - target: {fileID: 2945654027230244092, guid: d67d822f6a88b3648bb765f010928703,
        type: 3}
      propertyPath: m_LocalRotation.z
      value: -0
      objectReference: {fileID: 0}
    - target: {fileID: 2945654027230244092, guid: d67d822f6a88b3648bb765f010928703,
        type: 3}
      propertyPath: m_LocalRotation.w
      value: 1
      objectReference: {fileID: 0}
    - target: {fileID: 2945654027230244092, guid: d67d822f6a88b3648bb765f010928703,
        type: 3}
      propertyPath: m_RootOrder
      value: 6
      objectReference: {fileID: 0}
    - target: {fileID: 2945654027230244092, guid: d67d822f6a88b3648bb765f010928703,
        type: 3}
      propertyPath: m_LocalEulerAnglesHint.x
      value: 0
      objectReference: {fileID: 0}
    - target: {fileID: 2945654027230244092, guid: d67d822f6a88b3648bb765f010928703,
        type: 3}
      propertyPath: m_LocalEulerAnglesHint.y
      value: 0
      objectReference: {fileID: 0}
    - target: {fileID: 2945654027230244092, guid: d67d822f6a88b3648bb765f010928703,
        type: 3}
      propertyPath: m_LocalEulerAnglesHint.z
      value: 0
      objectReference: {fileID: 0}
    - target: {fileID: 2945654027230244092, guid: d67d822f6a88b3648bb765f010928703,
        type: 3}
      propertyPath: m_LocalScale.z
      value: 43.27659
      objectReference: {fileID: 0}
    - target: {fileID: 2945654027230244092, guid: d67d822f6a88b3648bb765f010928703,
        type: 3}
      propertyPath: m_LocalScale.x
      value: 3.5466
      objectReference: {fileID: 0}
    - target: {fileID: 2945654027230244092, guid: d67d822f6a88b3648bb765f010928703,
        type: 3}
      propertyPath: m_LocalScale.y
      value: 23.915
      objectReference: {fileID: 0}
    m_RemovedComponents: []
  m_SourcePrefab: {fileID: 100100000, guid: d67d822f6a88b3648bb765f010928703, type: 3}
--- !u!1001 &1274817710
PrefabInstance:
  m_ObjectHideFlags: 0
  serializedVersion: 2
  m_Modification:
    m_TransformParent: {fileID: 1034332621}
    m_Modifications:
    - target: {fileID: 2945654027230244080, guid: d67d822f6a88b3648bb765f010928703,
        type: 3}
      propertyPath: m_Name
      value: Obstacle (2)
      objectReference: {fileID: 0}
    - target: {fileID: 2945654027230244092, guid: d67d822f6a88b3648bb765f010928703,
        type: 3}
      propertyPath: m_LocalPosition.x
      value: -0.061903477
      objectReference: {fileID: 0}
    - target: {fileID: 2945654027230244092, guid: d67d822f6a88b3648bb765f010928703,
        type: 3}
      propertyPath: m_LocalPosition.y
      value: 38.7
      objectReference: {fileID: 0}
    - target: {fileID: 2945654027230244092, guid: d67d822f6a88b3648bb765f010928703,
        type: 3}
      propertyPath: m_LocalPosition.z
      value: 0.84
      objectReference: {fileID: 0}
    - target: {fileID: 2945654027230244092, guid: d67d822f6a88b3648bb765f010928703,
        type: 3}
      propertyPath: m_LocalRotation.x
      value: -0
      objectReference: {fileID: 0}
    - target: {fileID: 2945654027230244092, guid: d67d822f6a88b3648bb765f010928703,
        type: 3}
      propertyPath: m_LocalRotation.y
      value: -0
      objectReference: {fileID: 0}
    - target: {fileID: 2945654027230244092, guid: d67d822f6a88b3648bb765f010928703,
        type: 3}
      propertyPath: m_LocalRotation.z
      value: -0
      objectReference: {fileID: 0}
    - target: {fileID: 2945654027230244092, guid: d67d822f6a88b3648bb765f010928703,
        type: 3}
      propertyPath: m_LocalRotation.w
      value: 1
      objectReference: {fileID: 0}
    - target: {fileID: 2945654027230244092, guid: d67d822f6a88b3648bb765f010928703,
        type: 3}
      propertyPath: m_RootOrder
      value: 8
      objectReference: {fileID: 0}
    - target: {fileID: 2945654027230244092, guid: d67d822f6a88b3648bb765f010928703,
        type: 3}
      propertyPath: m_LocalEulerAnglesHint.x
      value: 0
      objectReference: {fileID: 0}
    - target: {fileID: 2945654027230244092, guid: d67d822f6a88b3648bb765f010928703,
        type: 3}
      propertyPath: m_LocalEulerAnglesHint.y
      value: 0
      objectReference: {fileID: 0}
    - target: {fileID: 2945654027230244092, guid: d67d822f6a88b3648bb765f010928703,
        type: 3}
      propertyPath: m_LocalEulerAnglesHint.z
      value: 0
      objectReference: {fileID: 0}
    - target: {fileID: 2945654027230244092, guid: d67d822f6a88b3648bb765f010928703,
        type: 3}
      propertyPath: m_LocalScale.x
      value: 177.10132
      objectReference: {fileID: 0}
    - target: {fileID: 2945654027230244092, guid: d67d822f6a88b3648bb765f010928703,
        type: 3}
      propertyPath: m_LocalScale.z
      value: 40.656
      objectReference: {fileID: 0}
    - target: {fileID: 2945654027230244092, guid: d67d822f6a88b3648bb765f010928703,
        type: 3}
      propertyPath: m_LocalScale.y
      value: 3.1841168
      objectReference: {fileID: 0}
    m_RemovedComponents: []
  m_SourcePrefab: {fileID: 100100000, guid: d67d822f6a88b3648bb765f010928703, type: 3}
--- !u!1001 &1285054007
PrefabInstance:
  m_ObjectHideFlags: 0
  serializedVersion: 2
  m_Modification:
    m_TransformParent: {fileID: 1034332621}
    m_Modifications:
    - target: {fileID: 2945654027230244080, guid: d67d822f6a88b3648bb765f010928703,
        type: 3}
      propertyPath: m_Name
      value: Obstacle (2)
      objectReference: {fileID: 0}
    - target: {fileID: 2945654027230244092, guid: d67d822f6a88b3648bb765f010928703,
        type: 3}
      propertyPath: m_LocalPosition.x
      value: 10.89
      objectReference: {fileID: 0}
    - target: {fileID: 2945654027230244092, guid: d67d822f6a88b3648bb765f010928703,
        type: 3}
      propertyPath: m_LocalPosition.y
      value: 25.17
      objectReference: {fileID: 0}
    - target: {fileID: 2945654027230244092, guid: d67d822f6a88b3648bb765f010928703,
        type: 3}
      propertyPath: m_LocalPosition.z
      value: -0.44571924
      objectReference: {fileID: 0}
    - target: {fileID: 2945654027230244092, guid: d67d822f6a88b3648bb765f010928703,
        type: 3}
      propertyPath: m_LocalRotation.x
      value: -0
      objectReference: {fileID: 0}
    - target: {fileID: 2945654027230244092, guid: d67d822f6a88b3648bb765f010928703,
        type: 3}
      propertyPath: m_LocalRotation.y
      value: -0
      objectReference: {fileID: 0}
    - target: {fileID: 2945654027230244092, guid: d67d822f6a88b3648bb765f010928703,
        type: 3}
      propertyPath: m_LocalRotation.z
      value: -0
      objectReference: {fileID: 0}
    - target: {fileID: 2945654027230244092, guid: d67d822f6a88b3648bb765f010928703,
        type: 3}
      propertyPath: m_LocalRotation.w
      value: 1
      objectReference: {fileID: 0}
    - target: {fileID: 2945654027230244092, guid: d67d822f6a88b3648bb765f010928703,
        type: 3}
      propertyPath: m_RootOrder
      value: 3
      objectReference: {fileID: 0}
    - target: {fileID: 2945654027230244092, guid: d67d822f6a88b3648bb765f010928703,
        type: 3}
      propertyPath: m_LocalEulerAnglesHint.x
      value: 0
      objectReference: {fileID: 0}
    - target: {fileID: 2945654027230244092, guid: d67d822f6a88b3648bb765f010928703,
        type: 3}
      propertyPath: m_LocalEulerAnglesHint.y
      value: 0
      objectReference: {fileID: 0}
    - target: {fileID: 2945654027230244092, guid: d67d822f6a88b3648bb765f010928703,
        type: 3}
      propertyPath: m_LocalEulerAnglesHint.z
      value: 0
      objectReference: {fileID: 0}
    - target: {fileID: 2945654027230244092, guid: d67d822f6a88b3648bb765f010928703,
        type: 3}
      propertyPath: m_LocalScale.x
      value: 12.261407
      objectReference: {fileID: 0}
    - target: {fileID: 2945654027230244092, guid: d67d822f6a88b3648bb765f010928703,
        type: 3}
      propertyPath: m_LocalScale.y
      value: 8.079851
      objectReference: {fileID: 0}
    - target: {fileID: 2945654027230244092, guid: d67d822f6a88b3648bb765f010928703,
        type: 3}
      propertyPath: m_LocalScale.z
      value: 6.0363
      objectReference: {fileID: 0}
    m_RemovedComponents: []
  m_SourcePrefab: {fileID: 100100000, guid: d67d822f6a88b3648bb765f010928703, type: 3}
--- !u!4 &1285054008 stripped
Transform:
  m_CorrespondingSourceObject: {fileID: 2945654027230244092, guid: d67d822f6a88b3648bb765f010928703,
    type: 3}
  m_PrefabInstance: {fileID: 1285054007}
  m_PrefabAsset: {fileID: 0}
--- !u!1 &1285054009 stripped
GameObject:
  m_CorrespondingSourceObject: {fileID: 2945654027230244080, guid: d67d822f6a88b3648bb765f010928703,
    type: 3}
  m_PrefabInstance: {fileID: 1285054007}
  m_PrefabAsset: {fileID: 0}
--- !u!114 &1285054010
MonoBehaviour:
  m_ObjectHideFlags: 0
  m_CorrespondingSourceObject: {fileID: 0}
  m_PrefabInstance: {fileID: 0}
  m_PrefabAsset: {fileID: 0}
  m_GameObject: {fileID: 1285054009}
  m_Enabled: 1
  m_EditorHideFlags: 0
  m_Script: {fileID: 11500000, guid: 32a2a674e0a79ea4bbb0355461333292, type: 3}
  m_Name: 
  m_EditorClassIdentifier: 
  movementVector: {x: 0, y: -15, z: 0}
  period: 5
--- !u!4 &1423420241 stripped
Transform:
  m_CorrespondingSourceObject: {fileID: 2945654027230244092, guid: d67d822f6a88b3648bb765f010928703,
    type: 3}
  m_PrefabInstance: {fileID: 1084258565}
  m_PrefabAsset: {fileID: 0}
--- !u!1001 &1448779339
PrefabInstance:
  m_ObjectHideFlags: 0
  serializedVersion: 2
  m_Modification:
    m_TransformParent: {fileID: 1034332621}
    m_Modifications:
    - target: {fileID: 2945654027230244080, guid: d67d822f6a88b3648bb765f010928703,
        type: 3}
      propertyPath: m_Name
      value: Obstacle (3)
      objectReference: {fileID: 0}
    - target: {fileID: 2945654027230244092, guid: d67d822f6a88b3648bb765f010928703,
        type: 3}
      propertyPath: m_LocalPosition.x
      value: 29.65
      objectReference: {fileID: 0}
    - target: {fileID: 2945654027230244092, guid: d67d822f6a88b3648bb765f010928703,
        type: 3}
      propertyPath: m_LocalPosition.y
      value: 30.5
      objectReference: {fileID: 0}
    - target: {fileID: 2945654027230244092, guid: d67d822f6a88b3648bb765f010928703,
        type: 3}
      propertyPath: m_LocalPosition.z
      value: -0.44571924
      objectReference: {fileID: 0}
    - target: {fileID: 2945654027230244092, guid: d67d822f6a88b3648bb765f010928703,
        type: 3}
      propertyPath: m_LocalRotation.x
      value: -0.012309784
      objectReference: {fileID: 0}
    - target: {fileID: 2945654027230244092, guid: d67d822f6a88b3648bb765f010928703,
        type: 3}
      propertyPath: m_LocalRotation.y
      value: -0.1167619
      objectReference: {fileID: 0}
    - target: {fileID: 2945654027230244092, guid: d67d822f6a88b3648bb765f010928703,
        type: 3}
      propertyPath: m_LocalRotation.z
      value: 0.48834768
      objectReference: {fileID: 0}
    - target: {fileID: 2945654027230244092, guid: d67d822f6a88b3648bb765f010928703,
        type: 3}
      propertyPath: m_LocalRotation.w
      value: 0.8647148
      objectReference: {fileID: 0}
    - target: {fileID: 2945654027230244092, guid: d67d822f6a88b3648bb765f010928703,
        type: 3}
      propertyPath: m_RootOrder
      value: 2
      objectReference: {fileID: 0}
    - target: {fileID: 2945654027230244092, guid: d67d822f6a88b3648bb765f010928703,
        type: 3}
      propertyPath: m_LocalEulerAnglesHint.x
      value: 5.322
      objectReference: {fileID: 0}
    - target: {fileID: 2945654027230244092, guid: d67d822f6a88b3648bb765f010928703,
        type: 3}
      propertyPath: m_LocalEulerAnglesHint.y
      value: -12.409
      objectReference: {fileID: 0}
    - target: {fileID: 2945654027230244092, guid: d67d822f6a88b3648bb765f010928703,
        type: 3}
      propertyPath: m_LocalEulerAnglesHint.z
      value: 58.332005
      objectReference: {fileID: 0}
    - target: {fileID: 2945654027230244092, guid: d67d822f6a88b3648bb765f010928703,
        type: 3}
      propertyPath: m_LocalScale.x
      value: 2.1079893
      objectReference: {fileID: 0}
    - target: {fileID: 2945654027230244092, guid: d67d822f6a88b3648bb765f010928703,
        type: 3}
      propertyPath: m_LocalScale.y
      value: 25.011166
      objectReference: {fileID: 0}
    - target: {fileID: 2945654027230244092, guid: d67d822f6a88b3648bb765f010928703,
        type: 3}
      propertyPath: m_LocalScale.z
      value: 6.036299
      objectReference: {fileID: 0}
    m_RemovedComponents: []
  m_SourcePrefab: {fileID: 100100000, guid: d67d822f6a88b3648bb765f010928703, type: 3}
--- !u!4 &1448779340 stripped
Transform:
  m_CorrespondingSourceObject: {fileID: 2945654027230244092, guid: d67d822f6a88b3648bb765f010928703,
    type: 3}
  m_PrefabInstance: {fileID: 1448779339}
  m_PrefabAsset: {fileID: 0}
--- !u!4 &1618585011 stripped
Transform:
  m_CorrespondingSourceObject: {fileID: 2945654027230244092, guid: d67d822f6a88b3648bb765f010928703,
    type: 3}
  m_PrefabInstance: {fileID: 442080083}
  m_PrefabAsset: {fileID: 0}
--- !u!1 &1628419060
GameObject:
  m_ObjectHideFlags: 0
  m_CorrespondingSourceObject: {fileID: 0}
  m_PrefabInstance: {fileID: 0}
  m_PrefabAsset: {fileID: 0}
  serializedVersion: 6
  m_Component:
  - component: {fileID: 1628419062}
  - component: {fileID: 1628419061}
  m_Layer: 0
  m_Name: Spot Light
  m_TagString: Untagged
  m_Icon: {fileID: 0}
  m_NavMeshLayer: 0
  m_StaticEditorFlags: 0
  m_IsActive: 1
--- !u!108 &1628419061
Light:
  m_ObjectHideFlags: 0
  m_CorrespondingSourceObject: {fileID: 0}
  m_PrefabInstance: {fileID: 0}
  m_PrefabAsset: {fileID: 0}
  m_GameObject: {fileID: 1628419060}
  m_Enabled: 1
  serializedVersion: 8
  m_Type: 0
  m_Color: {r: 1, g: 1, b: 1, a: 1}
  m_Intensity: 14.55
  m_Range: 17.2
  m_SpotAngle: 35.72
  m_CookieSize: 10
  m_Shadows:
    m_Type: 0
    m_Resolution: -1
    m_CustomResolution: -1
    m_Strength: 1
    m_Bias: 0.05
    m_NormalBias: 0.4
    m_NearPlane: 0.2
  m_Cookie: {fileID: 0}
  m_DrawHalo: 0
  m_Flare: {fileID: 0}
  m_RenderMode: 0
  m_CullingMask:
    serializedVersion: 2
    m_Bits: 4294967295
  m_Lightmapping: 4
  m_LightShadowCasterMode: 0
  m_AreaSize: {x: 1, y: 1}
  m_BounceIntensity: 1
  m_ColorTemperature: 6570
  m_UseColorTemperature: 0
  m_ShadowRadius: 0
  m_ShadowAngle: 0
--- !u!4 &1628419062
Transform:
  m_ObjectHideFlags: 0
  m_CorrespondingSourceObject: {fileID: 0}
  m_PrefabInstance: {fileID: 0}
  m_PrefabAsset: {fileID: 0}
  m_GameObject: {fileID: 1628419060}
  m_LocalRotation: {x: 0, y: 0, z: 0, w: 1}
  m_LocalPosition: {x: 10.34, y: 18.37, z: -16.43}
  m_LocalScale: {x: 1, y: 1, z: 1}
  m_Children: []
  m_Father: {fileID: 0}
  m_RootOrder: 10
  m_LocalEulerAnglesHint: {x: 0, y: 0, z: 0}
--- !u!1 &1704541097
GameObject:
  m_ObjectHideFlags: 0
  m_CorrespondingSourceObject: {fileID: 0}
  m_PrefabInstance: {fileID: 0}
  m_PrefabAsset: {fileID: 0}
  serializedVersion: 6
  m_Component:
  - component: {fileID: 1704541098}
  - component: {fileID: 1704541099}
  m_Layer: 0
  m_Name: Spot Light (1)
  m_TagString: Untagged
  m_Icon: {fileID: 0}
  m_NavMeshLayer: 0
  m_StaticEditorFlags: 0
  m_IsActive: 1
--- !u!4 &1704541098
Transform:
  m_ObjectHideFlags: 0
  m_CorrespondingSourceObject: {fileID: 0}
  m_PrefabInstance: {fileID: 0}
  m_PrefabAsset: {fileID: 0}
  m_GameObject: {fileID: 1704541097}
  m_LocalRotation: {x: 0, y: 0, z: 0, w: 1}
  m_LocalPosition: {x: 0, y: -0.09, z: -7.41}
  m_LocalScale: {x: 1, y: 1, z: 1}
  m_Children: []
  m_Father: {fileID: 368529309}
  m_RootOrder: 7
  m_LocalEulerAnglesHint: {x: 90, y: 0, z: 0}
--- !u!108 &1704541099
Light:
  m_ObjectHideFlags: 0
  m_CorrespondingSourceObject: {fileID: 0}
  m_PrefabInstance: {fileID: 0}
  m_PrefabAsset: {fileID: 0}
  m_GameObject: {fileID: 1704541097}
  m_Enabled: 1
  serializedVersion: 8
  m_Type: 0
  m_Color: {r: 1, g: 1, b: 1, a: 1}
  m_Intensity: 17.44
  m_Range: 10
  m_SpotAngle: 26.1
  m_CookieSize: 10
  m_Shadows:
    m_Type: 0
    m_Resolution: -1
    m_CustomResolution: -1
    m_Strength: 1
    m_Bias: 0.05
    m_NormalBias: 0.4
    m_NearPlane: 0.2
  m_Cookie: {fileID: 0}
  m_DrawHalo: 0
  m_Flare: {fileID: 0}
  m_RenderMode: 0
  m_CullingMask:
    serializedVersion: 2
    m_Bits: 4294967295
  m_Lightmapping: 4
  m_LightShadowCasterMode: 0
  m_AreaSize: {x: 1, y: 1}
  m_BounceIntensity: 1
  m_ColorTemperature: 6570
  m_UseColorTemperature: 0
  m_ShadowRadius: 0
  m_ShadowAngle: 0
--- !u!1001 &1771985937
PrefabInstance:
  m_ObjectHideFlags: 0
  serializedVersion: 2
  m_Modification:
    m_TransformParent: {fileID: 1034332621}
    m_Modifications:
    - target: {fileID: 2945654027230244080, guid: d67d822f6a88b3648bb765f010928703,
        type: 3}
      propertyPath: m_Name
      value: Obstacle (3)
      objectReference: {fileID: 0}
    - target: {fileID: 2945654027230244092, guid: d67d822f6a88b3648bb765f010928703,
        type: 3}
      propertyPath: m_LocalPosition.x
      value: -0.061903477
      objectReference: {fileID: 0}
    - target: {fileID: 2945654027230244092, guid: d67d822f6a88b3648bb765f010928703,
        type: 3}
      propertyPath: m_LocalPosition.y
      value: -1.5
      objectReference: {fileID: 0}
    - target: {fileID: 2945654027230244092, guid: d67d822f6a88b3648bb765f010928703,
        type: 3}
      propertyPath: m_LocalPosition.z
      value: 0.84
      objectReference: {fileID: 0}
    - target: {fileID: 2945654027230244092, guid: d67d822f6a88b3648bb765f010928703,
        type: 3}
      propertyPath: m_LocalRotation.x
      value: -0
      objectReference: {fileID: 0}
    - target: {fileID: 2945654027230244092, guid: d67d822f6a88b3648bb765f010928703,
        type: 3}
      propertyPath: m_LocalRotation.y
      value: -0
      objectReference: {fileID: 0}
    - target: {fileID: 2945654027230244092, guid: d67d822f6a88b3648bb765f010928703,
        type: 3}
      propertyPath: m_LocalRotation.z
      value: -0
      objectReference: {fileID: 0}
    - target: {fileID: 2945654027230244092, guid: d67d822f6a88b3648bb765f010928703,
        type: 3}
      propertyPath: m_LocalRotation.w
      value: 1
      objectReference: {fileID: 0}
    - target: {fileID: 2945654027230244092, guid: d67d822f6a88b3648bb765f010928703,
        type: 3}
      propertyPath: m_RootOrder
      value: 7
      objectReference: {fileID: 0}
    - target: {fileID: 2945654027230244092, guid: d67d822f6a88b3648bb765f010928703,
        type: 3}
      propertyPath: m_LocalEulerAnglesHint.x
      value: 0
      objectReference: {fileID: 0}
    - target: {fileID: 2945654027230244092, guid: d67d822f6a88b3648bb765f010928703,
        type: 3}
      propertyPath: m_LocalEulerAnglesHint.y
      value: 0
      objectReference: {fileID: 0}
    - target: {fileID: 2945654027230244092, guid: d67d822f6a88b3648bb765f010928703,
        type: 3}
      propertyPath: m_LocalEulerAnglesHint.z
      value: 0
      objectReference: {fileID: 0}
    - target: {fileID: 2945654027230244092, guid: d67d822f6a88b3648bb765f010928703,
        type: 3}
      propertyPath: m_LocalScale.x
      value: 177.10132
      objectReference: {fileID: 0}
    - target: {fileID: 2945654027230244092, guid: d67d822f6a88b3648bb765f010928703,
        type: 3}
      propertyPath: m_LocalScale.z
      value: 40.656
      objectReference: {fileID: 0}
    - target: {fileID: 2945654027230244092, guid: d67d822f6a88b3648bb765f010928703,
        type: 3}
      propertyPath: m_LocalScale.y
      value: 3.1841168
      objectReference: {fileID: 0}
    m_RemovedComponents: []
  m_SourcePrefab: {fileID: 100100000, guid: d67d822f6a88b3648bb765f010928703, type: 3}
--- !u!1001 &2059013725
PrefabInstance:
  m_ObjectHideFlags: 0
  serializedVersion: 2
  m_Modification:
    m_TransformParent: {fileID: 1034332621}
    m_Modifications:
    - target: {fileID: 2945654027230244080, guid: d67d822f6a88b3648bb765f010928703,
        type: 3}
      propertyPath: m_Name
      value: Obstacle (1)
      objectReference: {fileID: 0}
    - target: {fileID: 2945654027230244092, guid: d67d822f6a88b3648bb765f010928703,
        type: 3}
      propertyPath: m_LocalPosition.x
      value: -8.55
      objectReference: {fileID: 0}
    - target: {fileID: 2945654027230244092, guid: d67d822f6a88b3648bb765f010928703,
        type: 3}
      propertyPath: m_LocalPosition.y
      value: 13.19
      objectReference: {fileID: 0}
    - target: {fileID: 2945654027230244092, guid: d67d822f6a88b3648bb765f010928703,
        type: 3}
      propertyPath: m_LocalPosition.z
      value: -0.44571924
      objectReference: {fileID: 0}
    - target: {fileID: 2945654027230244092, guid: d67d822f6a88b3648bb765f010928703,
        type: 3}
      propertyPath: m_LocalRotation.x
      value: 0.015488285
      objectReference: {fileID: 0}
    - target: {fileID: 2945654027230244092, guid: d67d822f6a88b3648bb765f010928703,
        type: 3}
      propertyPath: m_LocalRotation.y
      value: -0.19805196
      objectReference: {fileID: 0}
    - target: {fileID: 2945654027230244092, guid: d67d822f6a88b3648bb765f010928703,
        type: 3}
      propertyPath: m_LocalRotation.z
      value: 0.076411165
      objectReference: {fileID: 0}
    - target: {fileID: 2945654027230244092, guid: d67d822f6a88b3648bb765f010928703,
        type: 3}
      propertyPath: m_LocalRotation.w
      value: 0.9770859
      objectReference: {fileID: 0}
    - target: {fileID: 2945654027230244092, guid: d67d822f6a88b3648bb765f010928703,
        type: 3}
      propertyPath: m_RootOrder
      value: 4
      objectReference: {fileID: 0}
    - target: {fileID: 2945654027230244092, guid: d67d822f6a88b3648bb765f010928703,
        type: 3}
      propertyPath: m_LocalEulerAnglesHint.x
      value: 3.4700003
      objectReference: {fileID: 0}
    - target: {fileID: 2945654027230244092, guid: d67d822f6a88b3648bb765f010928703,
        type: 3}
      propertyPath: m_LocalEulerAnglesHint.y
      value: -22.667002
      objectReference: {fileID: 0}
    - target: {fileID: 2945654027230244092, guid: d67d822f6a88b3648bb765f010928703,
        type: 3}
      propertyPath: m_LocalEulerAnglesHint.z
      value: 8.247001
      objectReference: {fileID: 0}
    - target: {fileID: 2945654027230244092, guid: d67d822f6a88b3648bb765f010928703,
        type: 3}
      propertyPath: m_LocalScale.x
      value: 4.5999904
      objectReference: {fileID: 0}
    - target: {fileID: 2945654027230244092, guid: d67d822f6a88b3648bb765f010928703,
        type: 3}
      propertyPath: m_LocalScale.y
      value: 20.51495
      objectReference: {fileID: 0}
    - target: {fileID: 2945654027230244092, guid: d67d822f6a88b3648bb765f010928703,
        type: 3}
      propertyPath: m_LocalScale.z
      value: 6.0363
      objectReference: {fileID: 0}
    m_RemovedComponents: []
  m_SourcePrefab: {fileID: 100100000, guid: d67d822f6a88b3648bb765f010928703, type: 3}
--- !u!4 &2059013726 stripped
Transform:
  m_CorrespondingSourceObject: {fileID: 2945654027230244092, guid: d67d822f6a88b3648bb765f010928703,
    type: 3}
  m_PrefabInstance: {fileID: 2059013725}
  m_PrefabAsset: {fileID: 0}
--- !u!1 &2075781528
GameObject:
  m_ObjectHideFlags: 0
  m_CorrespondingSourceObject: {fileID: 0}
  m_PrefabInstance: {fileID: 0}
  m_PrefabAsset: {fileID: 0}
  serializedVersion: 6
  m_Component:
  - component: {fileID: 2075781529}
  - component: {fileID: 2075781530}
  m_Layer: 0
  m_Name: Spot Light
  m_TagString: Untagged
  m_Icon: {fileID: 0}
  m_NavMeshLayer: 0
  m_StaticEditorFlags: 0
  m_IsActive: 1
--- !u!4 &2075781529
Transform:
  m_ObjectHideFlags: 0
  m_CorrespondingSourceObject: {fileID: 0}
  m_PrefabInstance: {fileID: 0}
  m_PrefabAsset: {fileID: 0}
  m_GameObject: {fileID: 2075781528}
  m_LocalRotation: {x: -0.7071068, y: 0, z: 0, w: 0.7071068}
  m_LocalPosition: {x: 0, y: 1.41, z: -0}
  m_LocalScale: {x: 1, y: 1, z: 1}
  m_Children: []
  m_Father: {fileID: 368529309}
  m_RootOrder: 6
  m_LocalEulerAnglesHint: {x: -90, y: 0, z: 0}
--- !u!108 &2075781530
Light:
  m_ObjectHideFlags: 0
  m_CorrespondingSourceObject: {fileID: 0}
  m_PrefabInstance: {fileID: 0}
  m_PrefabAsset: {fileID: 0}
  m_GameObject: {fileID: 2075781528}
  m_Enabled: 1
  serializedVersion: 8
  m_Type: 0
  m_Color: {r: 1, g: 1, b: 1, a: 1}
  m_Intensity: 17.23
  m_Range: 20
  m_SpotAngle: 38.8
  m_CookieSize: 10
  m_Shadows:
    m_Type: 0
    m_Resolution: -1
    m_CustomResolution: -1
    m_Strength: 1
    m_Bias: 0.05
    m_NormalBias: 0.4
    m_NearPlane: 0.2
  m_Cookie: {fileID: 0}
  m_DrawHalo: 0
  m_Flare: {fileID: 0}
  m_RenderMode: 0
  m_CullingMask:
    serializedVersion: 2
    m_Bits: 4294967295
  m_Lightmapping: 4
  m_LightShadowCasterMode: 0
  m_AreaSize: {x: 1, y: 1}
  m_BounceIntensity: 1
  m_ColorTemperature: 6570
  m_UseColorTemperature: 0
  m_ShadowRadius: 0
  m_ShadowAngle: 0
--- !u!1001 &767477911110897006
PrefabInstance:
  m_ObjectHideFlags: 0
  serializedVersion: 2
  m_Modification:
    m_TransformParent: {fileID: 0}
    m_Modifications:
    - target: {fileID: 3441144890318266130, guid: 35d90f2a97afb644e8da38bc38e90e9d,
        type: 3}
      propertyPath: m_LocalPosition.x
      value: -16.81
      objectReference: {fileID: 0}
    - target: {fileID: 3441144890318266130, guid: 35d90f2a97afb644e8da38bc38e90e9d,
        type: 3}
      propertyPath: m_LocalPosition.y
      value: 7.99
      objectReference: {fileID: 0}
    - target: {fileID: 3441144890318266130, guid: 35d90f2a97afb644e8da38bc38e90e9d,
        type: 3}
      propertyPath: m_LocalPosition.z
      value: 0
      objectReference: {fileID: 0}
    - target: {fileID: 3441144890318266130, guid: 35d90f2a97afb644e8da38bc38e90e9d,
        type: 3}
      propertyPath: m_LocalRotation.x
      value: 0
      objectReference: {fileID: 0}
    - target: {fileID: 3441144890318266130, guid: 35d90f2a97afb644e8da38bc38e90e9d,
        type: 3}
      propertyPath: m_LocalRotation.y
      value: 0
      objectReference: {fileID: 0}
    - target: {fileID: 3441144890318266130, guid: 35d90f2a97afb644e8da38bc38e90e9d,
        type: 3}
      propertyPath: m_LocalRotation.z
      value: 0
      objectReference: {fileID: 0}
    - target: {fileID: 3441144890318266130, guid: 35d90f2a97afb644e8da38bc38e90e9d,
        type: 3}
      propertyPath: m_LocalRotation.w
      value: 1
      objectReference: {fileID: 0}
    - target: {fileID: 3441144890318266130, guid: 35d90f2a97afb644e8da38bc38e90e9d,
        type: 3}
      propertyPath: m_RootOrder
      value: 1
      objectReference: {fileID: 0}
    - target: {fileID: 3441144890318266130, guid: 35d90f2a97afb644e8da38bc38e90e9d,
        type: 3}
      propertyPath: m_LocalEulerAnglesHint.x
      value: 0
      objectReference: {fileID: 0}
    - target: {fileID: 3441144890318266130, guid: 35d90f2a97afb644e8da38bc38e90e9d,
        type: 3}
      propertyPath: m_LocalEulerAnglesHint.y
      value: 0
      objectReference: {fileID: 0}
    - target: {fileID: 3441144890318266130, guid: 35d90f2a97afb644e8da38bc38e90e9d,
        type: 3}
      propertyPath: m_LocalEulerAnglesHint.z
      value: 0
      objectReference: {fileID: 0}
    - target: {fileID: 4533639808585164402, guid: 35d90f2a97afb644e8da38bc38e90e9d,
        type: 3}
      propertyPath: m_Name
      value: Rocket
      objectReference: {fileID: 0}
    m_RemovedComponents: []
  m_SourcePrefab: {fileID: 100100000, guid: 35d90f2a97afb644e8da38bc38e90e9d, type: 3}
--- !u!1001 &5182210555589799652
PrefabInstance:
  m_ObjectHideFlags: 0
  serializedVersion: 2
  m_Modification:
    m_TransformParent: {fileID: 0}
    m_Modifications:
    - target: {fileID: 643466936821142246, guid: 760558c0afeb9ba48baa633aeca03ded,
        type: 3}
      propertyPath: m_Name
      value: Launch Pad
      objectReference: {fileID: 0}
    - target: {fileID: 7772080806191249062, guid: 760558c0afeb9ba48baa633aeca03ded,
        type: 3}
      propertyPath: m_LocalPosition.x
      value: -16.18
      objectReference: {fileID: 0}
    - target: {fileID: 7772080806191249062, guid: 760558c0afeb9ba48baa633aeca03ded,
        type: 3}
      propertyPath: m_LocalPosition.y
      value: 5.83
      objectReference: {fileID: 0}
    - target: {fileID: 7772080806191249062, guid: 760558c0afeb9ba48baa633aeca03ded,
        type: 3}
      propertyPath: m_LocalPosition.z
      value: 0
      objectReference: {fileID: 0}
    - target: {fileID: 7772080806191249062, guid: 760558c0afeb9ba48baa633aeca03ded,
        type: 3}
      propertyPath: m_LocalRotation.x
      value: 0
      objectReference: {fileID: 0}
    - target: {fileID: 7772080806191249062, guid: 760558c0afeb9ba48baa633aeca03ded,
        type: 3}
      propertyPath: m_LocalRotation.y
      value: 0
      objectReference: {fileID: 0}
    - target: {fileID: 7772080806191249062, guid: 760558c0afeb9ba48baa633aeca03ded,
        type: 3}
      propertyPath: m_LocalRotation.z
      value: 0
      objectReference: {fileID: 0}
    - target: {fileID: 7772080806191249062, guid: 760558c0afeb9ba48baa633aeca03ded,
        type: 3}
      propertyPath: m_LocalRotation.w
      value: 1
      objectReference: {fileID: 0}
    - target: {fileID: 7772080806191249062, guid: 760558c0afeb9ba48baa633aeca03ded,
        type: 3}
      propertyPath: m_RootOrder
      value: 3
      objectReference: {fileID: 0}
    - target: {fileID: 7772080806191249062, guid: 760558c0afeb9ba48baa633aeca03ded,
        type: 3}
      propertyPath: m_LocalEulerAnglesHint.x
      value: 0
      objectReference: {fileID: 0}
    - target: {fileID: 7772080806191249062, guid: 760558c0afeb9ba48baa633aeca03ded,
        type: 3}
      propertyPath: m_LocalEulerAnglesHint.y
      value: 0
      objectReference: {fileID: 0}
    - target: {fileID: 7772080806191249062, guid: 760558c0afeb9ba48baa633aeca03ded,
        type: 3}
      propertyPath: m_LocalEulerAnglesHint.z
      value: 0
      objectReference: {fileID: 0}
    m_RemovedComponents: []
  m_SourcePrefab: {fileID: 100100000, guid: 760558c0afeb9ba48baa633aeca03ded, type: 3}
--- !u!1001 &5786187066325168177
PrefabInstance:
  m_ObjectHideFlags: 0
  serializedVersion: 2
  m_Modification:
    m_TransformParent: {fileID: 0}
    m_Modifications:
    - target: {fileID: 1475655203476916250, guid: c6f9be5cf9ce36348933e65430e9197c,
        type: 3}
      propertyPath: m_Name
      value: Level
      objectReference: {fileID: 0}
    - target: {fileID: 8614002176355074889, guid: c6f9be5cf9ce36348933e65430e9197c,
        type: 3}
      propertyPath: m_LocalPosition.x
      value: 0
      objectReference: {fileID: 0}
    - target: {fileID: 8614002176355074889, guid: c6f9be5cf9ce36348933e65430e9197c,
        type: 3}
      propertyPath: m_LocalPosition.y
      value: 0
      objectReference: {fileID: 0}
    - target: {fileID: 8614002176355074889, guid: c6f9be5cf9ce36348933e65430e9197c,
        type: 3}
      propertyPath: m_LocalPosition.z
      value: 0
      objectReference: {fileID: 0}
    - target: {fileID: 8614002176355074889, guid: c6f9be5cf9ce36348933e65430e9197c,
        type: 3}
      propertyPath: m_LocalRotation.x
      value: 0
      objectReference: {fileID: 0}
    - target: {fileID: 8614002176355074889, guid: c6f9be5cf9ce36348933e65430e9197c,
        type: 3}
      propertyPath: m_LocalRotation.y
      value: 0
      objectReference: {fileID: 0}
    - target: {fileID: 8614002176355074889, guid: c6f9be5cf9ce36348933e65430e9197c,
        type: 3}
      propertyPath: m_LocalRotation.z
      value: 0
      objectReference: {fileID: 0}
    - target: {fileID: 8614002176355074889, guid: c6f9be5cf9ce36348933e65430e9197c,
        type: 3}
      propertyPath: m_LocalRotation.w
      value: 1
      objectReference: {fileID: 0}
    - target: {fileID: 8614002176355074889, guid: c6f9be5cf9ce36348933e65430e9197c,
        type: 3}
      propertyPath: m_RootOrder
      value: 8
      objectReference: {fileID: 0}
    - target: {fileID: 8614002176355074889, guid: c6f9be5cf9ce36348933e65430e9197c,
        type: 3}
      propertyPath: m_LocalEulerAnglesHint.x
      value: 0
      objectReference: {fileID: 0}
    - target: {fileID: 8614002176355074889, guid: c6f9be5cf9ce36348933e65430e9197c,
        type: 3}
      propertyPath: m_LocalEulerAnglesHint.y
      value: 0
      objectReference: {fileID: 0}
    - target: {fileID: 8614002176355074889, guid: c6f9be5cf9ce36348933e65430e9197c,
        type: 3}
      propertyPath: m_LocalEulerAnglesHint.z
      value: 0
      objectReference: {fileID: 0}
    m_RemovedComponents: []
  m_SourcePrefab: {fileID: 100100000, guid: c6f9be5cf9ce36348933e65430e9197c, type: 3}
--- !u!1001 &6434571394620107231
PrefabInstance:
  m_ObjectHideFlags: 0
  serializedVersion: 2
  m_Modification:
    m_TransformParent: {fileID: 0}
    m_Modifications:
    - target: {fileID: 3117761601930740485, guid: d76bd8002ef1ab04fbfbc991d2147d91,
        type: 3}
      propertyPath: m_LocalPosition.x
      value: 0
      objectReference: {fileID: 0}
    - target: {fileID: 3117761601930740485, guid: d76bd8002ef1ab04fbfbc991d2147d91,
        type: 3}
      propertyPath: m_LocalPosition.y
      value: -10
      objectReference: {fileID: 0}
    - target: {fileID: 3117761601930740485, guid: d76bd8002ef1ab04fbfbc991d2147d91,
        type: 3}
      propertyPath: m_LocalPosition.z
      value: 0
      objectReference: {fileID: 0}
    - target: {fileID: 3117761601930740485, guid: d76bd8002ef1ab04fbfbc991d2147d91,
        type: 3}
      propertyPath: m_LocalRotation.x
      value: 0
      objectReference: {fileID: 0}
    - target: {fileID: 3117761601930740485, guid: d76bd8002ef1ab04fbfbc991d2147d91,
        type: 3}
      propertyPath: m_LocalRotation.y
      value: 0
      objectReference: {fileID: 0}
    - target: {fileID: 3117761601930740485, guid: d76bd8002ef1ab04fbfbc991d2147d91,
        type: 3}
      propertyPath: m_LocalRotation.z
      value: 0
      objectReference: {fileID: 0}
    - target: {fileID: 3117761601930740485, guid: d76bd8002ef1ab04fbfbc991d2147d91,
        type: 3}
      propertyPath: m_LocalRotation.w
      value: 1
      objectReference: {fileID: 0}
    - target: {fileID: 3117761601930740485, guid: d76bd8002ef1ab04fbfbc991d2147d91,
        type: 3}
      propertyPath: m_RootOrder
      value: 4
      objectReference: {fileID: 0}
    - target: {fileID: 3117761601930740485, guid: d76bd8002ef1ab04fbfbc991d2147d91,
        type: 3}
      propertyPath: m_LocalEulerAnglesHint.x
      value: 0
      objectReference: {fileID: 0}
    - target: {fileID: 3117761601930740485, guid: d76bd8002ef1ab04fbfbc991d2147d91,
        type: 3}
      propertyPath: m_LocalEulerAnglesHint.y
      value: 0
      objectReference: {fileID: 0}
    - target: {fileID: 3117761601930740485, guid: d76bd8002ef1ab04fbfbc991d2147d91,
        type: 3}
      propertyPath: m_LocalEulerAnglesHint.z
      value: 0
      objectReference: {fileID: 0}
    - target: {fileID: 3117761601930740485, guid: d76bd8002ef1ab04fbfbc991d2147d91,
        type: 3}
      propertyPath: m_LocalScale.z
      value: 28.26
      objectReference: {fileID: 0}
    - target: {fileID: 3117761601930740485, guid: d76bd8002ef1ab04fbfbc991d2147d91,
        type: 3}
      propertyPath: m_LocalScale.x
      value: 131.58
      objectReference: {fileID: 0}
    - target: {fileID: 6277654803587392533, guid: d76bd8002ef1ab04fbfbc991d2147d91,
        type: 3}
      propertyPath: m_Name
      value: Terrain
      objectReference: {fileID: 0}
    m_RemovedComponents: []
  m_SourcePrefab: {fileID: 100100000, guid: d76bd8002ef1ab04fbfbc991d2147d91, type: 3}
--- !u!1001 &6967691409549119144
PrefabInstance:
  m_ObjectHideFlags: 0
  serializedVersion: 2
  m_Modification:
    m_TransformParent: {fileID: 0}
    m_Modifications:
    - target: {fileID: 4131179913998861880, guid: 8dd178fe1c237b54cb04d5fbff04f3fa,
        type: 3}
      propertyPath: m_Name
      value: Background
      objectReference: {fileID: 0}
    - target: {fileID: 4685022645297422677, guid: 8dd178fe1c237b54cb04d5fbff04f3fa,
        type: 3}
      propertyPath: m_LocalPosition.x
      value: 0
      objectReference: {fileID: 0}
    - target: {fileID: 4685022645297422677, guid: 8dd178fe1c237b54cb04d5fbff04f3fa,
        type: 3}
      propertyPath: m_LocalPosition.y
      value: -0
      objectReference: {fileID: 0}
    - target: {fileID: 4685022645297422677, guid: 8dd178fe1c237b54cb04d5fbff04f3fa,
        type: 3}
      propertyPath: m_LocalPosition.z
      value: 17.3
      objectReference: {fileID: 0}
    - target: {fileID: 4685022645297422677, guid: 8dd178fe1c237b54cb04d5fbff04f3fa,
        type: 3}
      propertyPath: m_LocalRotation.x
      value: 0
      objectReference: {fileID: 0}
    - target: {fileID: 4685022645297422677, guid: 8dd178fe1c237b54cb04d5fbff04f3fa,
        type: 3}
      propertyPath: m_LocalRotation.y
      value: 0
      objectReference: {fileID: 0}
    - target: {fileID: 4685022645297422677, guid: 8dd178fe1c237b54cb04d5fbff04f3fa,
        type: 3}
      propertyPath: m_LocalRotation.z
      value: 0
      objectReference: {fileID: 0}
    - target: {fileID: 4685022645297422677, guid: 8dd178fe1c237b54cb04d5fbff04f3fa,
        type: 3}
      propertyPath: m_LocalRotation.w
      value: 1
      objectReference: {fileID: 0}
    - target: {fileID: 4685022645297422677, guid: 8dd178fe1c237b54cb04d5fbff04f3fa,
        type: 3}
      propertyPath: m_RootOrder
      value: 6
      objectReference: {fileID: 0}
    - target: {fileID: 4685022645297422677, guid: 8dd178fe1c237b54cb04d5fbff04f3fa,
        type: 3}
      propertyPath: m_LocalEulerAnglesHint.x
      value: 0
      objectReference: {fileID: 0}
    - target: {fileID: 4685022645297422677, guid: 8dd178fe1c237b54cb04d5fbff04f3fa,
        type: 3}
      propertyPath: m_LocalEulerAnglesHint.y
      value: 0
      objectReference: {fileID: 0}
    - target: {fileID: 4685022645297422677, guid: 8dd178fe1c237b54cb04d5fbff04f3fa,
        type: 3}
      propertyPath: m_LocalEulerAnglesHint.z
      value: 0
      objectReference: {fileID: 0}
    m_RemovedComponents: []
  m_SourcePrefab: {fileID: 100100000, guid: 8dd178fe1c237b54cb04d5fbff04f3fa, type: 3}
--- !u!1001 &8954213480147527452
PrefabInstance:
  m_ObjectHideFlags: 0
  serializedVersion: 2
  m_Modification:
    m_TransformParent: {fileID: 0}
    m_Modifications:
    - target: {fileID: 1615686340827997322, guid: 7821a289e483288439187a6d6b70b772,
        type: 3}
      propertyPath: m_LocalPosition.x
      value: 26.63
      objectReference: {fileID: 0}
    - target: {fileID: 1615686340827997322, guid: 7821a289e483288439187a6d6b70b772,
        type: 3}
      propertyPath: m_LocalPosition.y
      value: 9.75
      objectReference: {fileID: 0}
    - target: {fileID: 1615686340827997322, guid: 7821a289e483288439187a6d6b70b772,
        type: 3}
      propertyPath: m_LocalPosition.z
      value: 0
      objectReference: {fileID: 0}
    - target: {fileID: 1615686340827997322, guid: 7821a289e483288439187a6d6b70b772,
        type: 3}
      propertyPath: m_LocalRotation.x
      value: 0
      objectReference: {fileID: 0}
    - target: {fileID: 1615686340827997322, guid: 7821a289e483288439187a6d6b70b772,
        type: 3}
      propertyPath: m_LocalRotation.y
      value: 0
      objectReference: {fileID: 0}
    - target: {fileID: 1615686340827997322, guid: 7821a289e483288439187a6d6b70b772,
        type: 3}
      propertyPath: m_LocalRotation.z
      value: 0
      objectReference: {fileID: 0}
    - target: {fileID: 1615686340827997322, guid: 7821a289e483288439187a6d6b70b772,
        type: 3}
      propertyPath: m_LocalRotation.w
      value: 1
      objectReference: {fileID: 0}
    - target: {fileID: 1615686340827997322, guid: 7821a289e483288439187a6d6b70b772,
        type: 3}
      propertyPath: m_RootOrder
      value: 5
      objectReference: {fileID: 0}
    - target: {fileID: 1615686340827997322, guid: 7821a289e483288439187a6d6b70b772,
        type: 3}
      propertyPath: m_LocalEulerAnglesHint.x
      value: 0
      objectReference: {fileID: 0}
    - target: {fileID: 1615686340827997322, guid: 7821a289e483288439187a6d6b70b772,
        type: 3}
      propertyPath: m_LocalEulerAnglesHint.y
      value: 0
      objectReference: {fileID: 0}
    - target: {fileID: 1615686340827997322, guid: 7821a289e483288439187a6d6b70b772,
        type: 3}
      propertyPath: m_LocalEulerAnglesHint.z
      value: 0
      objectReference: {fileID: 0}
    - target: {fileID: 8456042384382689482, guid: 7821a289e483288439187a6d6b70b772,
        type: 3}
      propertyPath: m_Name
      value: Landing Pad
      objectReference: {fileID: 0}
    m_RemovedComponents: []
  m_SourcePrefab: {fileID: 100100000, guid: 7821a289e483288439187a6d6b70b772, type: 3}
